@article{okayama2024how,
  author  = {Daiki Okayama},
  journal = {XXX},
  number  = {1234},
  title   = {My LaTeX Skelton about Skeleton},
  volume  = {1},
  year    = {2024}
}
